@book{reynolds2011,
	title={An introduction to applied and environmental geophysics},
	author={Reynolds, John M},
	year={2011},
	publisher={John Wiley \& Sons}
}
@book{revil2013,
	title={The self-potential method: Theory and applications in environmental geosciences},
	author={Revil, Andr{\'e} and Jardani, Abderrahim},
	year={2013},
	publisher={Cambridge University Press}
}
@article{fox1830,
	title={On the electro-magnetic properties of metalliferous veins in the mines of Cornwall},
	author={Fox, Robert Were},
	journal={Philosophical Transactions of the Royal Society of London},
	pages={399--414},
	year={1830},
	publisher={JSTOR}
}